@article{Masot_Llima_2024,
   title={Stabilizer Tensor Networks: Universal Quantum Simulator on a Basis of Stabilizer States},
   volume={133},
   ISSN={1079-7114},
   DOI={10.1103/physrevlett.133.230601},
   number={23},  
   pages={},
   journal={Physical Review Letters},
   publisher={American Physical Society (APS)},
   author={Masot-Llima, Sergi and Garcia-Saez, Artur},
   year={2024},
   month=dec }
